<?xml version="1.0" encoding="UTF-8"?>
<collection xmlns:xsi="http://www.w3.org/2001/XMLSchema-instance" xsi:schemaLocation="http://www.loc.gov/MARC21/slim http://www.loc.gov/standards/marcxml/schema/MARC21slim.xsd" xmlns="http://www.loc.gov/MARC21/slim">
<record>
  <leader>00933cam a2200241Ma 4500</leader>
  <controlfield tag="001">2872222</controlfield>
  <controlfield tag="003">NNC</controlfield>
  <controlfield tag="005">20130520195904.0</controlfield>
  <controlfield tag="008">941222s1864    ua            000 0 ara d</controlfield>
  <datafield tag="035" ind1=" " ind2=" ">
    <subfield code="a">(OCoLC)ocm31823688</subfield>
  </datafield>
  <datafield tag="035" ind1=" " ind2=" ">
    <subfield code="9">ASA6813CU</subfield>
  </datafield>
  <datafield tag="035" ind1=" " ind2=" ">
    <subfield code="a">(NNC)2872222</subfield>
  </datafield>
  <datafield tag="035" ind1=" " ind2=" ">
    <subfield code="a">2872222</subfield>
  </datafield>
  <datafield tag="040" ind1=" " ind2=" ">
    <subfield code="a">PUL</subfield>
    <subfield code="c">PUL</subfield>
    <subfield code="d">ZCU</subfield>
  </datafield>
  <datafield tag="090" ind1=" " ind2=" ">
    <subfield code="a">BP130.4.Z3</subfield>
    <subfield code="b">M84</subfield>
  </datafield>
  <datafield tag="100" ind1="1" ind2=" ">
    <subfield code="a">Muḥibb al-Dīn, Muḥammad ibn Abī Bakr,</subfield>
    <subfield code="d">1542 or 1543-1607 or 1608.</subfield>
  </datafield>
  <datafield tag="245" ind1="1" ind2="0">
    <subfield code="a">Tanzīl al-āyāt ʻalá al-shawāhid min al-abyāt :</subfield>
    <subfield code="b">Sharḥ shawāhid al-Kashshāf /</subfield>
    <subfield code="c">li-Muḥibb al-Dīn Afandī.</subfield>
  </datafield>
  <datafield tag="260" ind1=" " ind2=" ">
    <subfield code="a">[Cairo] :</subfield>
    <subfield code="b">al-Maṭbaʻah al-Kubrá,</subfield>
    <subfield code="c">1281 [1864]</subfield>
  </datafield>
  <datafield tag="300" ind1=" " ind2=" ">
    <subfield code="a">336 p. ;</subfield>
    <subfield code="c">24 cm.</subfield>
  </datafield>
  <datafield tag="600" ind1="1" ind2="0">
    <subfield code="a">Zamakhsharī, Maḥmūd ibn ʻUmar,</subfield>
    <subfield code="d">1075-1144.</subfield>
    <subfield code="t">Kashshāf ʻan ḥaqāʼiq al-tanzīl wa-ʻuyūn al-aqāwīl fī wujūh al-taʼwīl.</subfield>
  </datafield>
  <datafield tag="630" ind1="0" ind2="0">
    <subfield code="a">Qurʼan</subfield>
    <subfield code="v">Commentaries.</subfield>
  </datafield>
  <datafield tag="740" ind1="0" ind2="1">
    <subfield code="a">Sharḥ shawāhid al-Kashshāf.</subfield>
  </datafield>
  <datafield tag="955" ind1=" " ind2=" ">
    <subfield code="b">0039044297</subfield>
    <subfield code="d">glx</subfield>
    <subfield code="e">BP130.4.Z3 M84 1864g</subfield>
  </datafield>
</record>
</collection>